

@online{sandia_corporation_compute_2024,
	title = {Compute heat/flux command — {LAMMPS} documentation},
	url = {https://docs.lammps.org/compute_heat_flux.html},
	author = {{Sandia Corporation}},
	urldate = {2024-03-21},
        year = {2024},
	date = {2024-02-07},
        note = {LAMMPS version 2024-02-07},
}


@online{sandia_corporation_compute_nodate,
	title = {compute stress/atom command — {LAMMPS} documentation},
	url = {https://docs.lammps.org/compute_stress_atom.html},
	author = {{Sandia Corporation}},
	urldate = {2024-03-21},
        year = {2024},
	date = {2024-02-07},
        note = {LAMMPS version 2024-02-07},
}



